<record><leader>00000cas a22000007a 4500</leader><controlfield tag="001">36729374</controlfield><controlfield tag="008">970412d18901900inuwr ne      0    0eng d</controlfield><datafield ind1=" " ind2=" " tag="010"><subfield code="a">sn 97068707 </subfield></datafield><datafield ind1=" " ind2=" " tag="040"><subfield code="a">NPI</subfield><subfield code="b">eng</subfield><subfield code="c">NPI</subfield><subfield code="d">IUL</subfield><subfield code="d">OCLCF</subfield></datafield><datafield ind1=" " ind2=" " tag="042"><subfield code="a">msc</subfield></datafield><datafield ind1=" " ind2=" " tag="043"><subfield code="a">n-us-in</subfield></datafield><datafield ind1="0" ind2="4" tag="245"><subfield code="a">The weekly argus news.</subfield></datafield><datafield ind1=" " ind2=" " tag="260"><subfield code="a">Crawfordsville, Ind. :</subfield><subfield code="b">S.M. Coffman,</subfield><subfield code="c">1890-1900.</subfield></datafield><datafield ind1=" " ind2=" " tag="300"><subfield code="a">10 v.</subfield></datafield><datafield ind1=" " ind2=" " tag="310"><subfield code="a">Weekly</subfield></datafield><datafield ind1="0" ind2=" " tag="362"><subfield code="a">Vol. 1, no. 1 (May 3, 1890)-8th year (Mar. 31, 1900).</subfield></datafield><datafield ind1=" " ind2=" " tag="580"><subfield code="a">Also issued in a daily ed. called: Daily argus news.</subfield></datafield><datafield ind1=" " ind2="0" tag="651"><subfield code="a">Crawfordsville (Ind.)</subfield><subfield code="v">Newspapers.</subfield></datafield><datafield ind1=" " ind2="0" tag="651"><subfield code="a">Montgomery County (Ind.)</subfield><subfield code="v">Newspapers.</subfield></datafield><datafield ind1=" " ind2="7" tag="651"><subfield code="a">Indiana</subfield><subfield code="z">Crawfordsville.</subfield><subfield code="2">fast</subfield><subfield code="0">(OCoLC)fst01227693</subfield></datafield><datafield ind1=" " ind2="7" tag="651"><subfield code="a">Indiana</subfield><subfield code="z">Montgomery County.</subfield><subfield code="2">fast</subfield><subfield code="0">(OCoLC)fst01208888</subfield></datafield><datafield ind1=" " ind2="7" tag="655"><subfield code="a">Newspapers.</subfield><subfield code="2">fast</subfield><subfield code="0">(OCoLC)fst01423814</subfield></datafield><datafield ind1=" " ind2=" " tag="752"><subfield code="a">United States</subfield><subfield code="b">Indiana</subfield><subfield code="c">Montgomery</subfield><subfield code="d">Crawfordsville.</subfield></datafield><datafield ind1="1" ind2=" " tag="775"><subfield code="t">Daily argus news</subfield><subfield code="w">(DLC)sn 87055337</subfield><subfield code="w">(OCoLC)15289330</subfield></datafield><datafield ind1="0" ind2="0" tag="785"><subfield code="t">Weekly news-review (Crawfordsville, Ind.)</subfield><subfield code="w">(DLC)sn 97068708</subfield><subfield code="w">(OCoLC)36729396</subfield></datafield></record>